



%%%%%%%%%%%%%%%%%%%%%%%%%%%%%%%%%%%%%%%%

%%%%%%%%%%%%%%%%%%
@misc{chatgpt2024,
  author       = {OpenAI},
  title        = {ChatGPT},
  year         = {2024},
  note         = {Large language model},
  url          = {https://chatgpt.com}
}


%%%%%%%%%%%%%%%%%%%%%%%%%%%%%%%%%%%%%%%%

%%%%%%%%%%%%%%%%%%


@ARTICLE{LSTM_languageModeling, 
author={M. {Sundermeyer} and H. {Ney} and R. {Schl√ºter}}, 
journal={IEEE/ACM Transactions on Audio, Speech, and Language Processing}, 
title={From Feedforward to Recurrent LSTM Neural Networks for Language Modeling}, 
year={2015}, 
volume={23}, 
number={3}, 
pages={517-529}, 
keywords={error statistics;feedforward neural nets;linguistics;natural language processing;recurrent neural nets;speech recognition;vocabulary;feedforward LSTM neural networks;recurrent LSTM neural networks;language modeling;count models;long short-term memory neural network;large-vocabulary speech recognition tasks;perplexity;word error rate;quantities correlation;computational complexity;context dependences;word lattices;Lattices;Feedforward neural networks;Recurrent neural networks;Context;Training;Speech;Feedforward neural network;Kneser-Ney smoothing;language modeling;long short-term memory (LSTM);recurrent neural network (RNN)}, 
doi={10.1109/TASLP.2015.2400218}, 
ISSN={2329-9290}, 
month={March},}




%%%%%%%%%%%%%%%%%%%%%%%%%%%%%%%%%%%%%%%%%%%%%%%%%
@INPROCEEDINGS{LSTMwind, 
author={D. {Dong} and Z. {Sheng} and T. {Yang}}, 
booktitle={2018 International Conference on Renewable Energy and Power Engineering (REPE)}, 
title={Wind Power Prediction Based on Recurrent Neural Network with Long Short-Term Memory Units}, 
year={2018}, 
volume={}, 
number={}, 
pages={34-38}, 
keywords={power engineering computing;recurrent neural nets;renewable energy sources;time series;wind power;wind power prediction;wind signal;time series data;long-short term memory units;renewable energy sources;recurrent neural network;RNN structure model;Predictive models;Wind power generation;Data models;Recurrent neural networks;Logic gates;Forecasting;Training;component;wind power;renewable energy;prediction model;deep learning;recurrent neural network;long short-term memory}, 
doi={10.1109/REPE.2018.8657666}, 
ISSN={}, 
month={Nov},}


%%%%%%%%%%%%%%%%%%%%%%%%%%%%%%%%%%%%%%%%%%%%%%%%%%%
@online{analog-dialogue,
  title = {Training Convolutional Neural Networks: What is Machine Learning? Part 2},
  author = {{Analog Devices}},
  organization = {{Analog Dialogue}},
  url = {https://www.analog.com/en/analog-dialogue/articles/training-convolutional-neural-networks-what-is-machine-learning-part-2.html},
}

%%%%%%%%%%%%%%%%%%%%%%%%%%%%%%%%%%%%%%%%%%%%%%%%%%%%%%
@online{deeplearning-ai-nlp,
  title = {Natural Language Processing Resources},
  author = {{deeplearning.ai}},
  organization = {{deeplearning.ai}},
  url = {https://www.deeplearning.ai/resources/natural-language-processing/},
  urldate = {YYYY-MM-DD}, % Replace with the date you accessed the resource
}
%%%%%%%%%%%%%%%%%%%%%%%%%%%%%%%%%%%%%%%%%%%%%%%%%%%%%%%%

@online{kaggle-nlp-pipelines,
  title = {Getting Started with NLP Pipelines},
  author = {{Nilay Chauhan}},
  organization = {{Kaggle}},
  url = {https://www.kaggle.com/code/nilaychauhan/getting-started-with-nlp-pipelines},
  urldate = {YYYY-MM-DD}, % Replace with the date you accessed the notebook
}
%%%%%%%%%%%%%%%%%%%%%%%%%%%%%%%%%%%%%%%%%%%%%%%%%%%
@article{bobade2016survey,
  title={Survey paper on big data and Hadoop},
  author={Bobade, Varsha B},
  journal={Int. Res. J. Eng. Technol},
  volume={3},
  number={1},
  pages={861--863},
  year={2016}
}


%%%%%%%%%%%%%%%%%%%%%%%%%

@article{beakta2015big,
  title={Big data and hadoop: A review paper},
  author={Beakta, Rahul},
  journal={International Journal of Computer Science \& Information Technology},
  volume={2},
  number={2},
  pages={13--15},
  year={2015}
}

%%%%%%%%%%%%%%%%%%%%%%%%%%%%%%%
@online{edureka-hadoop-questions,
  title = {Top 50 Hadoop Interview Questions (2016)},
  author = {{Edureka}},
  organization = {{Edureka}},
  url = {https://www.edureka.co/blog/interview-questions/top-50-hadoop-interview-questions-2016/},
}
%%%%%%%%%%%%%%%%%%%%
@online{edureka-mapreduce-tutorial,
  title = {MapReduce Tutorial},
  author = {{Edureka}},
  organization = {{Edureka}},
  url = {https://www.edureka.co/blog/mapreduce-tutorial/},
  urldate = {YYYY-MM-DD}, % Replace with the date you accessed the blog post
}


